@inproceedings{dahlskog2014multi,
  title={A multi-level level generator},
  author={Dahlskog, Steve and Togelius, Julian},
  booktitle={Proceedings of the IEEE Conference on Computational Intelligence and Games},
  pages={1--8},
  year={2014},
  organization={IEEE}
}

@inproceedings{summerville2016super,
  title={Super mario as a string: Platformer level generation via lstms},
  author={Summerville, Adam and Mateas, Michael},
  booktitle={Proceedings of the 1st International Joint Conference of DiGRA and FDG},
  year={2016}
}

@inproceedings{yannakakis2015experience,
  title={Experience-driven procedural content generation},
  author={Yannakakis, Georgios N and Togelius, Julian},
  booktitle={Proceedings of the International Conference on Affective Computing and Intelligent Interaction (ACII)},
  pages={519--525},
  year={2015},
  organization={IEEE}
}

@article{yannakakis2013player,
  title={Player modeling},
  author={Yannakakis, Georgios N and Spronck, Pieter and Loiacono, Daniele and Andr{\'e}, Elisabeth},
  year={2013},
  publisher={Dagstuhl Publishing}
}

@inproceedings{summerville2016learning,
  title={Learning player tailored content from observation: Platformer level generation from video traces using lstms},
  author={Summerville, Adam and Guzdial, Matthew and Mateas, Michael and Riedl, Mark O},
  booktitle={Twelfth artificial intelligence and interactive digital entertainment conference},
  year={2016}
}

@article{hussein2017imitation,
  title={Imitation learning: A survey of learning methods},
  author={Hussein, Ahmed and Gaber, Mohamed Medhat and Elyan, Eyad and Jayne, Chrisina},
  journal={ACM Computing Surveys (CSUR)},
  volume={50},
  number={2},
  pages={1--35},
  year={2017},
  publisher={ACM New York, NY, USA}
}

@article{vaswani2017attention,
  title={Attention is all you need},
  author={Vaswani, Ashish and Shazeer, Noam and Parmar, Niki and Uszkoreit, Jakob and Jones, Llion and Gomez, Aidan N and Kaiser, {\L}ukasz and Polosukhin, Illia},
  journal={Advances in neural information processing systems},
  volume={30},
  year={2017}
}

@article{karakovskiy2012mario,
  title={The mario ai benchmark and competitions},
  author={Karakovskiy, Sergey and Togelius, Julian},
  journal={IEEE Transactions on Computational Intelligence and AI in Games},
  volume={4},
  number={1},
  pages={55--67},
  year={2012},
  publisher={IEEE}
}
